@book{witten2016data,
	title={Data Mining: Practical machine learning tools and techniques},
	author={Witten, Ian H and Frank, Eibe and Hall, Mark A and Pal, Christopher J},
	year={2016},
	publisher={Morgan Kaufmann}
}

@inproceedings{abadi2016tensorflow,
	title={TensorFlow: A System for Large-Scale Machine Learning.},
	author={Abadi, Mart{\'\i}n and Barham, Paul and Chen, Jianmin and Chen, Zhifeng and Davis, Andy and Dean, Jeffrey and Devin, Matthieu and Ghemawat, Sanjay and Irving, Geoffrey and Isard, Michael and others},
	booktitle={OSDI},
	volume={16},
	pages={265--283},
	year={2016}
}
@article{pedregosa2011scikit,
	title={Scikit-learn: Machine learning in Python},
	author={Pedregosa, Fabian and Varoquaux, Ga{\"e}l and Gramfort, Alexandre and Michel, Vincent and Thirion, Bertrand and Grisel, Olivier and Blondel, Mathieu and Prettenhofer, Peter and Weiss, Ron and Dubourg, Vincent and others},
	journal={Journal of machine learning research},
	volume={12},
	number={Oct},
	pages={2825--2830},
	year={2011}
}